% ------------------------------------------------------------------------
% SAMPLE BIBLIOGRAPHY FILE
% ------------------------------------------------------------------------

@MISC{Shirky,
      author = "Shirky, C.",
      title = "The net advantage",
      month = "December",
      year =  2009,
      howpublished = "\url{http://www.prospectmagazine.co.uk/2009/12/the-net-advantage}"
}

@MISC{Morozov,
      AUTHOR = "Morozov, E.",
      TITLE = "How dictators watch us on the web",
      MONTH = "December",
      YEAR =  2009,
      howpublished = "\url{ http://www.prospectmagazine.co.uk/2009/11/how-dictators-watch-us-on-the-web/}"
}

@inproceedings{Zhou:2010:IRT:1964858.1964875,
 author = {Zhou, Zicong and Bandari, Roja and Kong, Joseph and Qian, Hai and Roychowdhury, Vwani},
 title = {Information resonance on Twitter: watching Iran},
 booktitle = {Proceedings of the First Workshop on Social Media Analytics},
 series = {SOMA '10},
 year = {2010},
 isbn = {978-1-4503-0217-3},
 location = {Washington D.C., District of Columbia},
 pages = {123--131},
 numpages = {9},
 url = {http://doi.acm.org/10.1145/1964858.1964875},
 doi = {http://doi.acm.org/10.1145/1964858.1964875},
 acmid = {1964875},
 publisher = {ACM},
 address = {New York, NY, USA},
 keywords = {Iranian election, Twitter, cascades, information propagation, social media}
} 


@Article{Lotan,
author = {Lotan, G. et al.},
title = {The {R}evolutions {W}ere {T}weeted: {I}nformation {F}lows during the 2011 {T}unisian and {E}gyptian {R}evolutions.},
journal = { International Journal of Communications},
year = {2011},
OPTkey = {key},
volume = {5},
OPTnumber = {number},
pages = {1375-1405},
OPTmonth = {month},
OPTnote = {note},
OPTannote = {annote},
}

@INPROCEEDINGS{Petrovic10streamingfirst,
    author = {Sasa Petrovic and Miles Osborne and Victor Lavrenko},
    title = {Streaming first story detection with application to Twitter},
    booktitle = {IN PROCEEDINGS OF THE 11TH ANNUAL CONFERENCE OF THE NORTH AMERICAN CHAPTER OF THE ASSOCIATION FOR COMPUTATIONAL LINGUISTICS (NAACL HLT 2010)},
    year = {2010},
    publisher = {}
}

@inproceedings{Sakaki:2010:EST:1772690.1772777,
  author = {Sakaki, Takeshi and Okazaki, Makoto and Matsuo, Yutaka},
  address = {New York, NY, USA},
  booktitle = {Proceedings of the 19th international conference on World wide web},
  interhash = {a62bb72ae23dae3429c2dae6ce6ebfdb},
  intrahash = {4b9b4dfbcaafb1a0382b45600ef3e346},
  pages = {851--860},
  publisher = {ACM},
  series = {WWW '10},
  title = {Earthquake shakes Twitter users: real-time event detection by social sensors},
  url = {http://doi.acm.org/10.1145/1772690.1772777},
  year = 2010,
  timestamp = {2011-11-14T07:49:55.000+0100},
  keywords = {2011 events seminar talk twitter winter},
  added-at = {2011-11-14T07:49:55.000+0100},
  acmid = {1772777},
  location = {Raleigh, North Carolina, USA},
  isbn = {978-1-60558-799-8},
  numpages = {10},
  biburl = {http://www.bibsonomy.org/bibtex/24b9b4dfbcaafb1a0382b45600ef3e346/event_detection},
  doi = {http://doi.acm.org/10.1145/1772690.1772777}
}

@inproceedings{conf/icwsm/WengL11,
  author = {Weng, Jianshu and Lee, Bu-Sung},
  editor = {Adamic, Lada A. and Baeza-Yates, Ricardo A. and Counts, Scott},
  booktitle = {ICWSM},
  interhash = {071e3d396bf7d6c58b79414306e25a2c},
  intrahash = {1478566ae6b169aad5a247d1df6053e0},
  publisher = {The AAAI Press},
  title = {Event Detection in Twitter.},
  url = {http://dblp.uni-trier.de/db/conf/icwsm/icwsm2011.html\#WengL11},
  year = 2011,
  timestamp = {2012-01-04T00:00:00.000+0100},
  keywords = {dblp},
  ee = {http://www.aaai.org/ocs/index.php/ICWSM/ICWSM11/paper/view/2767},
  added-at = {2012-01-04T00:00:00.000+0100},
  biburl = {http://www.bibsonomy.org/bibtex/21478566ae6b169aad5a247d1df6053e0/dblp}
}

@MISC{Becker_eventidentification,
    author = {Hila Becker and Mor Naaman and Luis Gravano},
    title = {Event Identification in Social Media},
    year = {}
}


@ARTICLE{Yang99learningapproaches,
    author = {Yiming Yang and Jaime Carbonell and Ralf Brown and Tom Pierce and Brian T. Archibald and Xin Liu},
    title = {Learning approaches for Detecting and Tracking News Events},
    journal = {IEEE Intelligent Systems},
    year = {1999},
    volume = {14},
    pages = {32--43}
}

@book{Allan:2002:TDT:772260,
 editor = {Allan, James},
 title = {Topic detection and tracking: event-based information organization},
 year = {2002},
 isbn = {0-7923-7664-1},
 publisher = {Kluwer Academic Publishers},
 address = {Norwell, MA, USA},
}

@article{Becker_Gravano_2011, 
title={Beyond Trending Topics : Real-World Event Identification on Twitter}, url={http://www.cs.columbia.edu/~gravano/Papers/2011/icwsm11-a.pdf}, 
journal={New York}, 
publisher={AAAI}, 
author={Becker, Hila and Gravano, Luis}, 
year={2011}, 
pages={438--441}
}

@article{Becker_Gravano_2010, 
title={Selecting Quality Twitter Content for Events}, url={http://www.aaai.org/ocs/index.php/ICWSM/ICWSM11/paper/view/2744}, 
journal={Artificial Intelligence}, publisher={AAAI}, author={Becker, Hila and Gravano, Luis}, 
year={2010}, 
pages={442--445}
}

@Proceedings{Choudhury,
title = {Unfolding the {E}vent {L}andscape on {T}witter: {C}lassification and {E}xploration of {U}ser {C}ategories},
year = {2012},
OPTkey = {key},
OPTeditor = {editor},
OPTvolume = {volume},
OPTnumber = {number},
OPTseries = {series},
OPTaddress = {address},
OPTmonth = {month},
organization = {Conmputer Supported Cooperative Work},
OPTpublisher = {publisher},
OPTnote = {note},
OPTannote = {annote},
}


@inproceedings{conf/icwsm/SayyadiHM09,
  author = {Sayyadi, Hassan and Hurst, Matthew and Maykov, Alexey},
  editor = {Adar, Eytan and Hurst, Matthew and Finin, Tim and Glance, Natalie S. and Nicolov, Nicolas and Tseng, Belle L.},
  booktitle = {ICWSM},
  interhash = {ea80b07e27736193f717d479e4325519},
  intrahash = {0f36e0d0e65a95bffde521a250239d4f},
  publisher = {The AAAI Press},
  title = {Event Detection and Tracking in Social Streams.},
  url = {http://dblp.uni-trier.de/db/conf/icwsm/icwsm2009.html\#SayyadiHM09},
  year = 2009,
  timestamp = {2010-08-18T00:00:00.000+0200},
  keywords = {dblp},
  added-at = {2010-08-18T00:00:00.000+0200},
  isbn = {978-1-57735-421-5},
  biburl = {http://www.bibsonomy.org/bibtex/20f36e0d0e65a95bffde521a250239d4f/dblp}
}

@article{DBLP:journals/snam/FazeenDG11,
  author    = {Mohamed Fazeen and
               Ram Dantu and
               Parthasarathy Guturu},
  title     = {Identification of leaders, lurkers, associates and spammers
               in a social network: context-dependent and context-independent
               approaches},
  journal   = {Social Netw. Analys. Mining},
  volume    = {1},
  number    = {3},
  year      = {2011},
  pages     = {241-254},
  ee        = {http://dx.doi.org/10.1007/s13278-011-0017-9},
  bibsource = {DBLP, http://dblp.uni-trier.de}
}

@book{han2005,
  author = {Han, Jiawei and Kamber, Micheline},
  address = {San Francisco, CA, USA},
  interhash = {69dc18ee15442548619c94c69a69d587},
  intrahash = {a4434f073ff09a3e18fe96b24ecee04d},
  publisher = {Morgan Kaufmann Publishers Inc.},
  title = {Data Mining: Concepts and Techniques},
  year = 2005,
  timestamp = {2009-11-25T18:41:14.000+0100},
  keywords = {QABook imported},
  added-at = {2009-11-25T18:41:14.000+0100},
  description = {Daniel Sonntag all references},
  isbn = {1558609016},
  owner = {sonntag},
  biburl = {http://www.bibsonomy.org/bibtex/2a4434f073ff09a3e18fe96b24ecee04d/sonntag}
}

@article{Chakrabarti_Punera_2011, 
title={Event Summarization Using Tweets}, url={http://www.aaai.org/ocs/index.php/ICWSM/ICWSM11/paper/viewPDFInterstitial/2885/3263}, journal={Diversity}, 
publisher={AAAI}, 
author={Chakrabarti, Deepayan and Punera, Kunal}, 
year={2011}, 
pages={66--73}
}

@INPROCEEDINGS{Charikar02similarityestimation,
    author = {Moses S. Charikar},
    title = {Similarity estimation techniques from rounding algorithms},
    booktitle = {In Proc. of 34th STOC},
    year = {2002},
    pages = {380--388},
    publisher = {ACM}
}

@inproceedings{conf/icwsm/BeckerNG11a,
  added-at = {2012-01-04T00:00:00.000+0100},
  author = {Becker, Hila and Naaman, Mor and Gravano, Luis},
  biburl = {http://www.bibsonomy.org/bibtex/280478e8a8e0205fe7386e80f99029249/dblp},
  booktitle = {ICWSM},
  editor = {Adamic, Lada A. and Baeza-Yates, Ricardo A. and Counts, Scott},
  ee = {http://www.aaai.org/ocs/index.php/ICWSM/ICWSM11/paper/view/2744},
  interhash = {0d6887bead9f3d5f6050d7d157134c24},
  intrahash = {80478e8a8e0205fe7386e80f99029249},
  keywords = {dblp},
  publisher = {The AAAI Press},
  timestamp = {2012-01-04T00:00:00.000+0100},
  title = {Selecting Quality Twitter Content for Events.},
  url = {http://dblp.uni-trier.de/db/conf/icwsm/icwsm2011.html\#BeckerNG11a},
  year = 2011
}

@INPROCEEDINGS{Ding05onthe,
    author = {Chris Ding and Xiaofeng He and Horst D. Simon},
    title = {On the equivalence of nonnegative matrix factorization and spectral clustering},
    booktitle = {in SIAM International Conference on Data Mining},
    year = {2005}
}

@book{Mitchell1997,
  added-at = {2012-03-18T02:32:17.000+0100},
  address = {New York},
  author = {Mitchell, Tom M.},
  biburl = {http://www.bibsonomy.org/bibtex/2aa97178817a12eeb3d2653f4a25f3e27/yfpeng},
  edition = 2,
  editor = {Munson, Eric M.},
  interhash = {479a66c32badb3a455fbdcf8e6633a5d},
  intrahash = {aa97178817a12eeb3d2653f4a25f3e27},
  keywords = {textbook},
  publisher = {McGraw-Hill},
  timestamp = {2012-03-18T02:32:17.000+0100},
  title = {Machine Learning},
  url = {http://www.cs.cmu.edu/~tom/mlbook.html},
  year = 1997
}

@MISC{Maja,
      author = "Pantic, M.",
      title = "Instance based learning",
      month = "January",
      year =  2012,
      howpublished = "\url{http://ibug.doc.ic.ac.uk/media/uploads/documents/courses/ml-lecture4.pdf}"
}

@MISC{TwitterBlog,
      author = "Twitter Blog",
      title = "\#numbers",
      month = "June",
      year =  2012,
      howpublished = "\url{http://blog.twitter.com/2011/03/numbers.html}"
}

@article{porter_1980,
  added-at = {2012-03-20T05:00:52.000+0100},
  author = {Porter, M.},
  biburl = {http://www.bibsonomy.org/bibtex/25cb077966cc39cec3880c91b3c08bd0f/wyswilson},
  interhash = {5cc5000d0cbdf957fd74a27ecbc3c2f7},
  intrahash = {5cb077966cc39cec3880c91b3c08bd0f},
  journal = { Program},
  keywords = {imported},
  number = { 3},
  pages = { 130-137},
  timestamp = {2012-03-20T05:00:52.000+0100},
  title = { An Algorithm for Suffix Stripping},
  url = {http://publication.wilsonwong.me/load.php?id=233281850},
  volume = { 14},
  year = { 1980}
}

@book{Segaran:2007:PCI:1406354,
 author = {Segaran, Toby},
 title = {Programming collective intelligence},
 year = {2007},
 isbn = {9780596529321},
 edition = {First},
 publisher = {O'Reilly},
} 

@article{Erkan:2004:LGL:1622487.1622501,
 author = {Erkan, G\"{u}nes and Radev, Dragomir R.},
 title = {LexRank: graph-based lexical centrality as salience in text summarization},
 journal = {J. Artif. Int. Res.},
 issue_date = {July 2004},
 volume = {22},
 number = {1},
 month = dec,
 year = {2004},
 issn = {1076-9757},
 pages = {457--479},
 numpages = {23},
 url = {http://dl.acm.org/citation.cfm?id=1622487.1622501},
 acmid = {1622501},
 publisher = {AI Access Foundation},
 address = {USA},
} 

@article{lee99,
  added-at = {2009-09-09T09:12:51.000+0200},
  author = {Lee, Daniel D. and Seung, H. Sebastian},
  biburl = {http://www.bibsonomy.org/bibtex/2ba1100135fbba9782a6052b95e6f9b05/folke},
  interhash = {b293699f3a0541bd6fb1b10d7f9410ac},
  intrahash = {ba1100135fbba9782a6052b95e6f9b05},
  journal = {Nature},
  key = {Lee and Seung},
  keywords = {clustering factorization matrix multi toread view},
  pages = {788--791},
  timestamp = {2009-09-09T09:12:51.000+0200},
  title = {Learning the parts of objects by nonnegative matrix factorization},
  volume = 401,
  year = 1999
}

@article{doi:10.1080/09296174.2011.533588,
author = {Moisl, Hermann},
title = {Finding the Minimum Document Length for Reliable Clustering of Multi-Document Natural Language Corpora},
journal = {Journal of Quantitative Linguistics},
volume = {18},
number = {1},
pages = {23-52},
year = {2011},
doi = {10.1080/09296174.2011.533588},

URL = {http://www.tandfonline.com/doi/abs/10.1080/09296174.2011.533588},
eprint = {http://www.tandfonline.com/doi/pdf/10.1080/09296174.2011.533588}
}


@article{Pratap2011,
    author = {Raghuvira Pratap, A. and Vani, K. Suvarna and Devi, J. Rama and Dr},
    citeulike-article-id = {10548844},
    issn = {21565570},
    journal = {International Journal of Advanced Computer Sciences and Applications},
    keywords = {clustering, medoid},
    number = {6},
    pages = {49--54},
    posted-at = {2012-04-09 17:15:04},
    priority = {2},
    title = {{An Efficient Density based Improved K- Medoids Clustering algorithm}},
    volume = {2},
    year = {2011}
}















@MISC{prime-number-theorem,
   author = "Charles Louis Xavier Joseph de la Vall{\'e}e Poussin",
   note = "A strong form of the prime number theorem, 19th century" }

% ------------------------------------------------------------------------

@BOOK{texbook,
   author = "Donald E. Knuth",
   title= "The {{\TeX}book}",
   publisher = "Addison-Wesley",
   year = 1984 }

@BOOK{latex,
   author = "Leslie Lamport",
   title = "{\LaTeX:} {A} Document Preparation System",
   publisher = "Addison-Wesley",
   year = 1986 }

% ------------------------------------------------------------------------

@BOOK{RR73,
 author={H. Radjavi and P. Rosenthal},
 title={Invariant {Subspaces}},
 publisher={Springer-Verlag},
 address={New York},
 year={1973},
}

@BOOK{Aup91,
 author={B. Aupetit},
 title={A {Primer} on {Spectral} {Theory}},
 publisher={Springer-Verlag},
 address={New York},
 year={1991},
}

@BOOK{Dou72,
 author={R. G. Douglas},
 title={Banach {Algebra} {Techniques} in {Operator} {Theory}},
 publisher={Academic Press},
 address={New York},
 year={1972},
}

@BOOK{Hal82,
 author={P. R. Halmos},
 title={A {Hilbert} {Space} {Problem} {Book}},
 edition={Second},
 publisher={Springer-Verlag},
 address={New York},
 year={1982},
}

@BOOK{Rud73,
 author={W. Rudin},
 title={Functional {Analysis}},
 publisher={McGraw-Hill},
 address={New York},
 year={1973},
}

@BOOK{Con90,
 author={J. B. Conway},
 title={A {Course} in {Functional} {Analysis}},
 edition={Second},
 publisher={Springer-Verlag},
 address={New York},
 year={1990},
}

@BOOK{Con78,
 author={J. B. Conway},
 title={Functions of {One} {Complex} {Variable}},
 publisher={Springer-Verlag},
 address={New York},
 year={1978},
}

@BOOK{KR83,
 author={R. V. Kadison and J. R. Ringrose},
 title={Fundamentals of the {Theory} of {Operator} {Algebras},
        {Part} {I}},
 publisher={Academic Press},
 address={New York},
 year={1983},
}

@BOOK{KR86,
 author={R. V. Kadison and J. R. Ringrose},
 title={Fundamentals of the {Theory} of {Operator} {Algebras},
        {Part} {II}},
 publisher={Academic Press},
 address={New York},
 year={1986},
}

@INBOOK{SFPT,
 author={N. Dunford and J. T. Schwartz},
 title={Linear {Operators},
        {Part} {I}: {General} {Theory}},
 pages={456},
 publisher={Interscience},
 address={New York},
 year={1957},
}

@BOOK{DS57,
 author={N. Dunford and J. T. Schwartz},
 title={Linear {Operators},
        {Part} {I}: {General} {Theory}},
 publisher={Interscience},
 address={New York},
 year={1957},
}

@BOOK{Gan59,
 author={F. R. Gantmacher},
 title={Applications of the {Theory} of {Matrices}},
 publisher={Interscience},
 address={New York},
 year={1959},
}

@BOOK{Pau86,
 author={Vern I. Paulsen},
 title={Completely bounded maps and dilations},
 series={Pitman Research Notes in Mathematics Series},
 volume={146},
 publisher={Longman Scientific \& Technical},
 address={Harlow UK},
 year={1986},
}

@BOOK{Dav88,
 author={Kenneth R. Davidson},
 title={Nest algebras},
 series={Pitman Research Notes in Mathematics Series},
 volume={191},
 publisher={Longman Scientific \& Technical},
 address={Harlow UK},
 year={1988},
}

@BOOK{Spi65,
 author={Michael Spivak},
 title={Calculus on {Manifolds}},
 publisher={The Benjamin/Cummings Publishing Company},
 address={New York},
 year={1965},
}

@BOOK{Dev68,
 author={Allen Devinaz},
 title={Advanced {Calculus}},
 publisher={Holt, Rinehart and Winston},
 address={New York},
 year={1968},
}

@BOOK{Gam90,
 editor={R. V. Gamkerlidze},
 title={Analysis {I}{I}: {Convex} {Analysis} and
        {Approximation} {Theory}},
 series={Encyclopaedia of Mathematical Sciences},
 volume={14},
 publisher={Springer-Verlag},
 address={New York},
 year={1990},
}

@BOOK{Hen93,
 author={Peter Henderson},
 title={Object-oriented specification and design with {C}$++$},
 publisher={McGraw-Hill},
 address={London},
 year={1993},
}

% ------------------------------------------------------------------------

@ARTICLE{Rea85,
 author={C. J. Read},
 title={A solution to the invariant subspace problem on the space $l_1$},
 journal={Bull. London Math. Soc.},
 volume={17},
 year={1985},
 pages={305-317},
}

@ARTICLE{Enf87,
 author={P. Enflo},
 title={On the invariant subspaces problem for {Banach} spaces},
 journal={Acta. Math.},
 note={Seminare Maurey-Schwartz (1975-1976)},
 volume={158},
 year={1987},
 pages={213-313},
}

@ARTICLE{Dau75,
 author={J. Daughtry},
 title={An invariant subspace theorem},
 journal={Proc. Amer. Math. Soc.},
 volume={49},
 year={1975},
 pages={267-268},
}

@ARTICLE{KPS75,
 author={H. W. Kim and C. Pearcy and A. L. Shields},
 title={Rank-One Commutators and Hyperinvariant Subspaces},
 journal={Michigan Math. J.},
 volume={22},
 number={3},
 year={1975},
 pages={193-194},
}

% --------------------------------------------------------------------------

@ARTICLE{Rad87,
 author={H. Radjavi},
 title={The {Engel}-{Jacobson} {Theorem} {Revisited}},
 journal={J. Alg.},
 volume={111},
 year={1987},
 pages={427-430},
}

@ARTICLE{MOR91,
 author={B. Mathes and M. Omladi\v{c} and H. Radjavi},
 title={Linear {Spaces} of {Nilpotent} {Operators}},
 journal={Linear Algebra Appl.},
 volume={149},
 year={1991},
 pages={215-225},
}

@ARTICLE{Lom73,
 author={V. I. Lomonosov},
 title={Invariant subspaces for operators commuting with compact
        operators},
 journal={Functional Anal. Appl.},
 volume=7,
 year=1973,
 pages="213-214",
}

@ARTICLE{Lom91,
 author={V. I. Lomonosov},
 title={An extension of {Burnside}'s theorem to infinite
        dimensional spaces},
 journal={Israel J. Math},
 volume=75,
 year=1991,
 pages="329-339",
}

@ARTICLE{Lom92,
 author={V. I. Lomonosov},
 title={On {Real} {Invariant} {Subspaces} of {Bounded} {Operators} with
       {Compact} {Imaginary} {Part}},
 journal={Proc. Amer. Math. Soc.},
 volume=115,
 number=3,
 month=jul,
 year=1992,
 pages="775-777",
}

@ARTICLE{dB59,
 author={L. de Branges},
 title={The {Stone}-{Weierstrass} {Theorem}},
 journal={Proc. Amer. Math. Soc.},
 volume=10,
 year=1959,
 pages="822-824",
}

@ARTICLE{dB93,
 author={L. de Branges},
 title={A construction of invariant subspaces},
 journal={Math. Nachr.},
 volume=163,
 year=1993,
 pages="163-175",
}

@ARTICLE{AAB95,
 author={Y. A. Abramovich and C. D. Aliprantis and O. Burkinshaw},
 title={Another Characterization of the Invariant Subspace Problem},
 journal={Operator Theory in Function Spaces and Banach Lattices.
          {\em The A.C.\,Zaanen Anniversary Volume},
          Operator Theory: Advances and Applications},
 volume={75},
 year={1995},
 pages={15-31},
 note={Birkh\"auser Verlag},
}

@ARTICLE{LM65,
 author={Ju. I. Ljubi\v{c} and V. I. Macaev},
 title={On Operators with a Separable Spectrum},
 journal={Amer. Math. Soc. Transl. (2)},
 volume={47},
 year={1965},
 pages={89-129},
}

% ------------------------------------------------------------------------

@MASTERSTHESIS{Sim90,
 author={A. Simoni\v{c}},
 title={Grupe Operatorjev s Pozitivnim Spektrom},
 school={Univerza v Ljubljani, FNT, Oddelek za Matematiko},
 year={1990},
}

@UNPUBLISHED{Sim91,
 author={A. Simoni\v{c}},
 title={Notes on {Subharmonic} {Functions}},
 note={Lecture Notes, Dalhousie University,
       Department of Mathematics, Statistics, \& Computing Science},
 year={1991},
}

@ARTICLE{Sim92,
 author={A. Simoni\v{c}},
 title={Matrix {Groups} with {Positive} {Spectra}},
 journal={Linear Algebra Appl.},
 volume={173},
 year={1992},
 pages={57-76},
}

@PHDTHESIS{Sim94,
 author={A. Simoni\v{c}},
 title={An {Extension} of {Lomonosov's} {Techniques} to {Non}-{Compact}
       {Operators}},
 school={Dalhousie University,
         Department of Mathematics, Statistics, \& Computing Science},
 year={1994},
}

@ARTICLE{Sim96a,
 author={A. Simoni\v{c}},
 title={A {Construction} of {Lomonosov} {Functions} and
       {Applications} to the {Invariant} {Subspace} {Problem}},
 journal={Pacific J. Math.},
 volume={175},
 pages={257-270},
 year={1996},
}

@ARTICLE{Sim96b,
 author={A. Simoni\v{c}},
 title={An extension of {Lomonosov's} {Techniques} to non-compact
       {Operators}},
 journal={Trans. Amer. Math. Soc.},
 volume={348},
 pages={975-995},
 year={1996},
}

% ------------------------------------------------------------------------
